% Encoding: UTF-8
@Article{KlenovskyPRB2012,
  Title                    = {Excitation intensity dependence of photoluminescence spectra of SiGe quantum dots grown on prepatterned Si substrates: evidence for biexcitonic transition},
  Author                   = {Klenovskyacute, P. and Brehm, M. and Krcaronaacutepek, V. and Lausecker, E. and Munzar, D. and Hackl, F. and Steiner, H. and Fromherz, T. and Bauer, G. and Humliacuteccaronek, J.},
  Journal                  = {Physical Review B},
  Pages                    = {115305 (8 pp.)},
  Volume                   = {86},
  Year                     = {2012},

  Doi                      = {10.1103/PhysRevB.86.115305},
  Month                    = {15 Sept.},

  Abstract                 = {The pumping intensity (I) dependence of the photoluminescence (PL) spectra of perfectly laterally two-dimensionally ordered SiGe quantum dots on Si(001) substrates was studied. The PL results from recombinations of holes localized in the SiGe quantum dots and electrons localized due to the strain field in the surrounding Si matrix. The analysis of the spectra revealed several distinct bands, attributed to phonon-assisted recombination and no-phonon recombination of the excitonic ground state and of the excited excitonic states, which all exhibit a linear I dependence of the PL intensity. At approximately I ges 3 W cm -2, additional bands with a nearly quadratic I dependence appear in the PL spectra, resulting from biexcitonic transitions. These emerging PL contributions shift the composite no-phonon PL band of the SiGe quantum dots to higher energies. The experimentally obtained energies of the no-phonon transitions are in good agreement with the exciton and biexciton energies calculated using the envelope function approximation and the configuration interaction method.},
  File                     = {2012KlenovskyPRB2012.pdf:pdf\\2012KlenovskyPRB2012.pdf:PDF;2012KlenovskyPRB2012.pdf:2012KlenovskyPRB2012.pdf:PDF},
  Identifying-codes        = {[10.1103/PhysRevB.86.115305]},
  ISSN                     = {1098-0121},
  Issue                    = {11},
  Publication-type         = {J},
  Researcherid-numbers     = {Brehm, Moritz/D-8390-2011 Klenovsky, Petr/D-8072-2012 Krapek, Vlastimil/A-6917-2013},
  Type                     = {Journal Paper},
  Unique-id                = {INSPEC:12960281}
}


@Article{2009NJoP_Brehm,
  Title                    = {Combined structural and photoluminescence study of SiGe islands on Si substrates: comparison with realistic energy level calculations},
  Author                   = {Brehm, M. and Suzuki, T. and Fromherz, T. and Zhong, Z. and Hrauda, N. and Hackl, F. and Stangl, J. and Schaffler, F. and Bauer, G.},
  Journal                  = {New Journal of Physics},
  Pages                    = {063021 (15 pp.)},
  Volume                   = {11},
  Year                     = {2009},

  Doi                      = {10.1088/1367-2630/11/6/063021},
  Month                    = {June},

  Abstract                 = {The Stranski-Krastanow growth of SiGe islands by deposition of SiGe alloys instead of pure Ge allows us to control both the Ge concentration and gradient in the islands. In contrast to the commonly found increasing Ge content with island height, growth conditions for islands with nearly constant and even decreasing Ge profile along the growth direction were found. Atomic force microscopy, transmission electron microscopy and high-resolution x-ray diffraction were employed to determine the islands' size, shape, lateral distance and Ge composition. Efficient photoluminescence is emitted from these islands. We show that for islands with higher Ge contents at the bottom than at the apex, transitions between heavy holes and electron Delta xy states in the compressive Si regions around the island's circumference dominate the photoluminescence spectra instead of the usually observed recombination between heavy holes and electrons in the Delta z valleys in the tensile Si above the island's apex . The relative importance of the Delta xy transitions is enhanced for lateral island distances less than 10 nm, where overlapping strain fields of neighbouring islands increase the compressive strain in the Si region between them. At intense photoexcitation, recombinations between electrons in the Delta z valleys and light holes within the islands appear in the photoluminescence spectra. These so far, for SiGe islands, unobserved transitions were identified by a quantitative modelling of the band structure within the islands and in the surrounding Si matrix based on full 3D simulations using the nextnano 3 package with the experimentally obtained island shape and composition as input parameters. },
  File                     = {Published version:2009NJoP_Brehm.pdf:PDF},
  Identifying-codes        = {[1367-2630/09/063021+15/\$30.00],[10.1088/1367-2630/11/6/063021]},
  ISSN                     = {1367-2630},
  Issue                    = {6},
  Publication-type         = {J},
  Researcherid-numbers     = {Brehm, Moritz/D-8390-2011},
  Type                     = {Journal Paper},
  Unique-id                = {INSPEC:10929150}
}


@Article{Aberl:17,
  Title                    = {Inversion of the exciton built-in dipole moment in In(Ga)As quantum dots via nonlinear piezoelectric effect},
  Author                   = {Aberl, J. and Klenovsk\'y, P. and Wildmann, J. S. and Mart\'in-S\'anchez, J. and Fromherz, T. and Zallo, E. and Huml\'i\v{c}ek, J. and Rastelli, A. and Trotta, R.},
  Journal                  = {Phys. Rev. B},
  Year                     = {2017},

  Month                    = {Nov},
  Pages                    = {201308},
  Volume                   = {70},

  Doi                      = {10.1103/PhysRevB.70.201308},
  Issue                    = {20},
  Numpages                 = {4},
  Owner                    = {petan},
  Publisher                = {American Physical Society},
  Timestamp                = {2017.05.29},
  Url                      = {http://link.aps.org/doi/10.1103/PhysRevB.70.201308}
}

@Article{Adachi:85,
  Title                    = {GaAs, AlAs, and Al$_{x}$Ga$_{1-x}$As: Material parameters for use in research and device applications},
  Author                   = {Adachi, S.},
  Journal                  = {Journal of Applied Physics},
  Year                     = {1985},
  Number                   = {3},
  Pages                    = {R1-R29},
  Volume                   = {58},

  Doi                      = {http://dx.doi.org/10.1063/1.336070},
  Url                      = {http://scitation.aip.org/content/aip/journal/jap/58/3/10.1063/1.336070}
}

@Article{Aharonovich:16,
  Title                    = {Solid-state single-photon emitters},
  Author                   = {Aharonovich, I. and Englund, D. and Toth, M.},
  Journal                  = {Nat Photon},
  Year                     = {2016},

  Month                    = {10},
  Pages                    = {631--641},
  Volume                   = {10},

  Doi                      = {10.1038/nphoton.2016.186},
  Issue                    = {10},
  Publisher                = {Nature Publishing Group},
  Url                      = {http://dx.doi.org/10.1038/nphoton.2016.186}
}

@Article{Bennett:10,
  Title                    = {Giant Stark effect in the emission of single semiconductor quantum dots},
  Author                   = {Bennett, Anthony J. and Patel, Raj B. and Skiba-Szymanska, Joanna and Nicoll, Christine A. and Farrer, Ian and Ritchie, David A. and Shields, Andrew J.},
  Journal                  = {Applied Physics Letters},
  Year                     = {2010},
  Number                   = {3},
  Volume                   = {97},

  Doi                      = {http://dx.doi.org/10.1063/1.3460912},
  Eid                      = {031104},
  Url                      = {http://scitation.aip.org/content/aip/journal/apl/97/3/10.1063/1.3460912}
}

@Article{Bester:06,
  Title                    = {Importance of Second-Order Piezoelectric Effects in Zinc-Blende Semiconductors},
  Author                   = {Bester, Gabriel and Wu, Xifan and Vanderbilt, David and Zunger, Alex},
  Journal                  = {Phys. Rev. Lett.},
  Year                     = {2006},

  Month                    = {May},
  Pages                    = {187602},
  Volume                   = {96},

  Doi                      = {10.1103/PhysRevLett.96.187602},
  Issue                    = {18},
  Numpages                 = {4},
  Publisher                = {American Physical Society},
  Url                      = {http://link.aps.org/doi/10.1103/PhysRevLett.96.187602}
}

@Article{Bester:06_2,
  Title                    = {Effects of linear and nonlinear piezoelectricity on the electronic properties of $\mathrm{In}\mathrm{As}âˆ•\mathrm{Ga}\mathrm{As}$ quantum dots},
  Author                   = {Bester, Gabriel and Zunger, Alex and Wu, Xifan and Vanderbilt, David},
  Journal                  = {Phys. Rev. B},
  Year                     = {2006},

  Month                    = {Aug},
  Pages                    = {081305},
  Volume                   = {74},

  Doi                      = {10.1103/PhysRevB.74.081305},
  Issue                    = {8},
  Numpages                 = {4},
  Publisher                = {American Physical Society},
  Url                      = {http://link.aps.org/doi/10.1103/PhysRevB.74.081305}
}

@Article{Beya-Wakata2011,
  Title                    = {First- and second-order piezoelectricity in III-V semiconductors},
  Author                   = {Beya-Wakata, A. and Prodhomme, P. Y. and Bester, G.},
  Journal                  = {Physical Review B},
  Year                     = {2011},

  Month                    = nov,
  Number                   = {19},
  Pages                    = {195207},
  Volume                   = {84},

  Af                       = {Beya-Wakata, AnnieEOLEOLProdhomme, Pierre-YvesEOLEOLBester, Gabriel},
  Doi                      = {10.1103/PhysRevB.84.195207},
  Ei                       = {2469-9969},
  Owner                    = {petan},
  Sn                       = {2469-9950},
  Tc                       = {31},
  Timestamp                = {2017.05.29},
  Ut                       = {WOS:000297414500027},
  Z9                       = {31}
}

@Article{Birner:07,
  Author                   = {Birner, S. and Zibold, T. and Andlauer, T. and Kubis, T. and Sabathil, M. and Trellakis, A. and Vogl, P.},
  Journal                  = {IEEE Trans. El. Dev.},
  Year                     = {2007},

  Month                    = {SEP},
  Number                   = {9},
  Pages                    = {2137},
  Volume                   = {54},

  Issnissn                 = {0018-9383},
  Unique-id                = {ISI:000249104900006},
  Xtitle                   = {nextnano: General purpose 3-D simulations}
}

@Article{Blakemore:82,
  Title                    = {Semiconducting and other major properties of gallium arsenide},
  Author                   = {Blakemore, J. S.},
  Journal                  = {Journal of Applied Physics},
  Year                     = {1982},
  Number                   = {10},
  Pages                    = {R123-R181},
  Volume                   = {53},

  Doi                      = {http://dx.doi.org/10.1063/1.331665},
  Url                      = {http://scitation.aip.org/content/aip/journal/jap/53/10/10.1063/1.331665}
}

@Article{Callsen:15,
  Title                    = {Identifying multi-excitons in quantum dots: the subtle connection between electric dipole moments and emission linewidths},
  Author                   = {Callsen, Gordon and Pahn, Gerald M. O.},
  Journal                  = {physica status solidi (RRL) â€“ Rapid Research Letters},
  Year                     = {2015},
  Number                   = {9},
  Pages                    = {521--525},
  Volume                   = {9},

  Doi                      = {10.1002/pssr.201510253},
  ISSN                     = {1862-6270},
  Publisher                = {WILEY-VCH Verlag Berlin GmbH},
  Url                      = {http://dx.doi.org/10.1002/pssr.201510253}
}

@Article{Cao:15,
  Title                    = {Longitudinal wave function control in single quantum dots with an applied magnetic field},
  Author                   = {Cao, S. and Tang, J. and Gao, Y. and Sun, Y. and Qiu, K. and Zhao, Y. and He, M. and Shi, J.-A. and Gu, L. and Williams, D.~A. and Sheng, W. and Jin, K. and Xu, X.},
  Journal                  = {Scientific Reports},
  Year                     = {2015},
  Number                   = {8041},
  Pages                    = {1--5},
  Volume                   = {5},

  Doi                      = {10.1038/srep08041},
  ISSN                     = {8041},
  Publisher                = {Nature Publishing Group},
  Url                      = {http://dx.doi.org/10.1038/srep08041}
}

@Article{Caro:15,
  Title                    = {Origin of nonlinear piezoelectricity in III-V semiconductors: Internal strain and bond ionicity from hybrid-functional density functional theory},
  Author                   = {Caro, Miguel A. and Schulz, Stefan and O'Reilly, Eoin P.},
  Journal                  = {Phys. Rev. B},
  Year                     = {2015},

  Month                    = {Feb},
  Pages                    = {075203},
  Volume                   = {91},

  Doi                      = {10.1103/PhysRevB.91.075203},
  Issue                    = {7},
  Numpages                 = {9},
  Publisher                = {American Physical Society},
  Url                      = {http://link.aps.org/doi/10.1103/PhysRevB.91.075203}
}

@Article{Caro2015,
  Title                    = {Origin of nonlinear piezoelectricity in III-V semiconductors: Internal strain and bond ionicity from hybrid-functional density functional theory},
  Author                   = {Caro, M. A. and Schulz, S. and O'Reilly, E. P.},
  Journal                  = {Physical Review B},
  Year                     = {2015},

  Month                    = feb,
  Number                   = {7},
  Pages                    = {075203},
  Volume                   = {91},

  Af                       = {Caro, Miguel A.EOLEOLSchulz, StefanEOLEOLO'Reilly, Eoin P.},
  Doi                      = {10.1103/PhysRevB.91.075203},
  Ei                       = {1550-235X},
  Oi                       = {Caro, Miguel/0000-0001-9304-4261; O'Reilly, Eoin/0000-0001-5537-2985;EOLEOLSchulz, Stefan/0000-0002-8178-8383},
  Owner                    = {petan},
  Ri                       = {Caro, Miguel/H-9254-2012; O'Reilly, Eoin/A-5329-2009; Schulz,EOLEOLStefan/B-9789-2013},
  Sn                       = {1098-0121},
  Tc                       = {4},
  Timestamp                = {2017.05.29},
  Ut                       = {WOS:000352300300005},
  Z9                       = {4}
}

@Article{Cowley:65,
  Title                    = {Surface States and Barrier Height of Metalâ€�Semiconductor Systems},
  Author                   = {Cowley, A. M. and Sze, S. M.},
  Journal                  = {Journal of Applied Physics},
  Year                     = {1965},
  Number                   = {10},
  Pages                    = {3212-3220},
  Volume                   = {36},

  Doi                      = {http://dx.doi.org/10.1063/1.1702952},
  Url                      = {http://scitation.aip.org/content/aip/journal/jap/36/10/10.1063/1.1702952}
}

@Article{Finley:04,
  Title                    = {Quantum-confined Stark shifts of charged exciton complexes in quantum dots},
  Author                   = {Finley, J. J. and Sabathil, M. and Vogl, P. and Abstreiter, G. and Oulton, R. and Tartakovskii, A. I. and Mowbray, D. J. and Skolnick, M. S. and Liew, S. L. and Cullis, A. G. and Hopkinson, M.},
  Journal                  = {Phys. Rev. B},
  Year                     = {2004},

  Month                    = {Nov},
  Pages                    = {201308},
  Volume                   = {70},

  Doi                      = {10.1103/PhysRevB.70.201308},
  Issue                    = {20},
  Numpages                 = {4},
  Publisher                = {American Physical Society},
  Url                      = {http://link.aps.org/doi/10.1103/PhysRevB.70.201308}
}

@Article{Fry:00,
  Title                    = {Inverted Electron-Hole Alignment in InAs-GaAs Self-Assembled Quantum Dots},
  Author                   = {Fry, P. W. and Itskevich, I. E. and Mowbray, D. J. and Skolnick, M. S. and Finley, J. J. and Barker, J. A. and O'Reilly, E. P. and Wilson, L. R. and Larkin, I. A. and Maksym, P. A. and Hopkinson, M. and Al-Khafaji, M. and David, J. P. R. and Cullis, A. G. and Hill, G. and Clark, J. C.},
  Journal                  = {Phys. Rev. Lett.},
  Year                     = {2000},

  Month                    = {Jan},
  Pages                    = {733--736},
  Volume                   = {84},

  Doi                      = {10.1103/PhysRevLett.84.733},
  Issue                    = {4},
  Numpages                 = {0},
  Publisher                = {American Physical Society},
  Url                      = {http://link.aps.org/doi/10.1103/PhysRevLett.84.733}
}

@Article{Germanis:16,
  Title                    = {Enhanced Stark Tuning of Single InAs $(211)B$ Quantum Dots due to Nonlinear Piezoelectric Effect in Zincblende Nanostructures},
  Author                   = {Germanis, S. and Katsidis, C. and Tsintzos, S. and Stavrinidis, A. and Konstantinidis, G. and Florini, N. and Kioseoglou, J. and Dimitrakopulos, G. P. and Kehagias, Th. and Hatzopoulos, Z. and Pelekanos, N. T.},
  Journal                  = {Phys. Rev. Applied},
  Year                     = {2016},

  Month                    = {Jul},
  Pages                    = {014004},
  Volume                   = {6},

  Doi                      = {10.1103/PhysRevApplied.6.014004},
  Issue                    = {1},
  Numpages                 = {8},
  Publisher                = {American Physical Society},
  Url                      = {http://link.aps.org/doi/10.1103/PhysRevApplied.6.014004}
}

@Article{Gong:08,
  Title                    = {Electronic structure of self-assembled $\mathrm{In}\mathrm{As}âˆ•\mathrm{In}\mathrm{P}$ quantum dots: Comparison with self-assembled $\mathrm{In}\mathrm{As}âˆ•\mathrm{Ga}\mathrm{As}$ quantum dots},
  Author                   = {Gong, Ming and Duan, Kaimin and Li, Chuan-Feng and Magri, Rita and Narvaez, Gustavo A. and He, Lixin},
  Journal                  = {Phys. Rev. B},
  Year                     = {2008},

  Month                    = {Jan},
  Pages                    = {045326},
  Volume                   = {77},

  Doi                      = {10.1103/PhysRevB.77.045326},
  Issue                    = {4},
  Numpages                 = {10},
  Publisher                = {American Physical Society},
  Url                      = {http://link.aps.org/doi/10.1103/PhysRevB.77.045326}
}

@Article{Grundmann:95,
  Title                    = {InAs/GaAs pyramidal quantum dots: Strain distribution, optical phonons, and electronic structure},
  Author                   = {Grundmann, M. and Stier, O. and Bimberg, D.},
  Journal                  = {Phys. Rev. B},
  Year                     = {1995},

  Month                    = {Oct},
  Pages                    = {11969--11981},
  Volume                   = {52},

  Doi                      = {10.1103/PhysRevB.52.11969},
  Issue                    = {16},
  Numpages                 = {0},
  Publisher                = {American Physical Society},
  Url                      = {http://link.aps.org/doi/10.1103/PhysRevB.52.11969}
}

@Article{Gustavsson:14,
  Title                    = {Ultranarrow ionization resonances in a quantum dot under broadband excitation},
  Author                   = {Gustavsson, S. and Rudner, M. S. and Levitov, L. S. and Leturcq, R. and Studer, M. and Ihn, T. and Ensslin, K.},
  Journal                  = {Phys. Rev. B},
  Year                     = {2014},

  Month                    = {Mar},
  Pages                    = {115304},
  Volume                   = {89},

  Doi                      = {10.1103/PhysRevB.89.115304},
  Issue                    = {11},
  Numpages                 = {8},
  Publisher                = {American Physical Society},
  Url                      = {http://link.aps.org/doi/10.1103/PhysRevB.89.115304}
}

@Article{Hudait:01,
  Title                    = {Doping dependence of the barrier height and ideality factor of Au/n-GaAs Schottky diodes at low temperatures },
  Author                   = {Hudait, M. K. and Krupanidhi S. B.},
  Journal                  = {Physica B: Condensed Matter },
  Year                     = {2001},
  Number                   = {1â€“4},
  Pages                    = {125-137},
  Volume                   = {307},

  Doi                      = {http://dx.doi.org/10.1016/S0921-4526(01)00631-7},
  ISSN                     = {0921-4526},
  Url                      = {http://www.sciencedirect.com/science/article/pii/S0921452601006317}
}

@Article{Huffaker1998,
  Title                    = {1.3 mu m room-temperature GaAs-based quantum-dot laser},
  Author                   = {Huffaker, D. L. and Park, G. and Zou, Z. and Shchekin, O. B. and Deppe, D. G.},
  Journal                  = {Applied Physics Letters},
  Year                     = {1998},

  Month                    = nov,
  Number                   = {18},
  Pages                    = {2564--2566},
  Volume                   = {73},

  Af                       = {Huffaker, DLEOLEOLPark, GEOLEOLZou, ZEOLEOLShchekin, OBEOLEOLDeppe, DG},
  Doi                      = {10.1063/1.122534},
  Owner                    = {petan},
  Sn                       = {0003-6951},
  Tc                       = {610},
  Timestamp                = {2017.05.30},
  Ut                       = {WOS:000076560900008},
  Z9                       = {618}
}

@Article{Klenovsky2016,
  author    = {Klenovsk\'y, P. and K\v{r}\'apek, V. and Huml\'i\v{c}ek, J.},
  title     = {Type-II InAs/GaAsSb/GaAs Quantum Dots as Artificial Quantum Dot Molecules},
  journal   = {Acta Physica Polonica A},
  year      = {2016},
  volume    = {129},
  number    = {1A},
  pages     = {A62--A65},
  month     = jan,
  af        = {Klenovsky, P.EOLEOLKrapek, V.EOLEOLHumlicek, J.},
  cl        = {Wisla, POLAND},
  ct        = {44th Jaszowiec International School and Conference on the Physics ofEOLEOLSemiconductors (IS and CPS)},
  cy        = {JUN 20-25, 2015},
  ei        = {1898-794X},
  owner     = {petan},
  ri        = {Krapek, Vlastimil/A-6917-2013},
  sn        = {0587-4246},
  tc        = {1},
  timestamp = {2017.05.30},
  ut        = {WOS:000371623600013},
  z9        = {1},
}

@Article{Klenovsky2017,
  Title                    = {Excitonic structure and pumping power dependent emission blue-shift of type-II quantum dots},
  Author                   = {Klenovsk\'y, P. and Steindl, P. and Geffroy, D.},
  Journal                  = {Scientific Reports},
  Year                     = {2017},

  Month                    = mar,
  Pages                    = {45568},
  Volume                   = {7},

  Af                       = {Klenovsky, PetrEOLEOLSteindl, PetrEOLEOLGeffroy, Dominique},
  Doi                      = {10.1038/srep45568},
  Owner                    = {petan},
  Pm                       = {28358120},
  Sn                       = {2045-2322},
  Tc                       = {0},
  Timestamp                = {2017.05.30},
  Ut                       = {WOS:000398415700001},
  Z9                       = {0}
}

@Article{Krapek2010,
  Title                    = {Quantum entanglement in lateral GaAs/AlGaAs quantum dot molecules},
  Author                   = {K\v{r}\'apek, V. and Klenovsk\'y, P. and Rastelli, A. and Schmidt, O. G. and Munzar, D.},
  Journal                  = {Quantum Dots 2010},
  Year                     = {2010},
  Pages                    = {012027},
  Volume                   = {245},

  Af                       = {Krapek, V.EOLEOLKlenovsky, P.EOLEOLRastelli, A.EOLEOLSchmidt, O. G.EOLEOLMunzar, D.},
  Be                       = {Taylor, RA},
  Cl                       = {Nottingham, ENGLAND},
  Ct                       = {Conference on Quantum Dots 2010 (QD2010)},
  Cy                       = {APR 26-30, 2010},
  Doi                      = {10.1088/1742-6596/245/1/012027},
  Oi                       = {Rastelli, Armando/0000-0002-1343-4962},
  Owner                    = {petan},
  Ri                       = {Klenovsky, Petr/D-8072-2012; Krapek, Vlastimil/A-6917-2013; Rastelli,EOLEOLArmando/E-6955-2012},
  Se                       = {Journal of Physics Conference Series},
  Sn                       = {1742-6588},
  Tc                       = {4},
  Timestamp                = {2017.05.30},
  Ut                       = {WOS:000294907400027},
  Z9                       = {4}
}

@Article{Kuklewicz:12,
  Title                    = {Electro-Elastic Tuning of Single Particles in Individual Self-Assembled Quantum Dots},
  Author                   = {Kuklewicz, Christopher E. and Malein, Ralph N. E. and Petroff, Pierre M. and Gerardot, Brian D.},
  Journal                  = {Nano Letters},
  Year                     = {2012},
  Note                     = {PMID: 22686397},
  Number                   = {7},
  Pages                    = {3761-3765},
  Volume                   = {12},

  Doi                      = {10.1021/nl301621u},
  Eprint                   = {http://dx.doi.org/10.1021/nl301621u},
  Url                      = {http://dx.doi.org/10.1021/nl301621u}
}

@Article{Levin:01,
  Title                    = {Piezoelectric Effects on the Electronâ€“Hole Dipole in In0.5Ga0.5As/GaAs Self-Assembled Quantum Dots},
  Author                   = {Levin, A. and Patan\`{e}, A. and Schindler, F. and Polimeni, A. and Eaves, L. and Main, P.C. and Henini, M.},
  Journal                  = {physica status solidi (b)},
  Year                     = {2001},
  Number                   = {1},
  Pages                    = {37--40},
  Volume                   = {224},

  Doi                      = {10.1002/1521-3951(200103)224:1<37::AID-PSSB37>3.0.CO;2-V},
  ISSN                     = {1521-3951},
  Keywords                 = {72.40.+w, 77.65.Ly, 78.67.Hc, S7.12},
  Publisher                = {WILEY-VCH Verlag Berlin GmbH},
  Url                      = {http://dx.doi.org/10.1002/1521-3951(200103)224:1<37::AID-PSSB37>3.0.CO;2-V}
}

@Article{Llorens2015,
  Title                    = {Type II InAs/GaAsSb quantum dots: Highly tunable exciton geometry and topology},
  Author                   = {Llorens, J. M. and Wewior, L. and de Oliveira, E. R. Cardozo and Ulloa, J. M. and Utrilla, A. D. and Guzman, A. and Hierro, A. and Al\'en, B.},
  Journal                  = {Applied Physics Letters},
  Year                     = {2015},

  Month                    = nov,
  Number                   = {18},
  Pages                    = {183101},
  Volume                   = {107},

  Doi                      = {10.1063/1.4934841},
  Ei                       = {1077-3118},
  Oi                       = {Llorens, Jose/0000-0002-6155-6462; Alen, Benito/0000-0003-3939-1611},
  Owner                    = {petan},
  Ri                       = {Llorens, Jose/G-6109-2012; Alen, Benito/G-3712-2012},
  Sn                       = {0003-6951},
  Tc                       = {1},
  Timestamp                = {2017.02.16},
  Ut                       = {WOS:000364580800045},
  Z8                       = {0},
  Z9                       = {1},
  Zb                       = {0},
  Zr                       = {0},
  Zs                       = {0}
}

@Article{Loureno:04,
  Title                    = {Thermal expansion contribution to the temperature dependence of excitonic transitions in GaAs and AlGaAs},
  Author                   = {Louren\c{c}o, S. A. and Dias, I. F. L. and Duarte, J. L. and Laureto, E. and Po\c{c}as, L. C. and Toginho Filho, D. O. and Leite, J. R.},
  Journal                  = {Brazilian Journal of Physics},
  Year                     = {2004},

  Month                    = {06},
  Pages                    = {517 - 525},
  Volume                   = {34},

  ISSN                     = {0103-9733},
  Language                 = {en},
  Publisher                = {scielo},
  Url                      = {http://www.scielo.br/scielo.php?script=sci_arttext&pid=S0103-97332004000300031&nrm=iso}
}

@Article{Sanchez:16,
  Title                    = {Reversible Control of In-Plane Elastic Stress Tensor in Nanomembranes},
  Author                   = {Mart\'{i}n-S\'{a}nchez, J. and Trotta, R. and Piredda, G. and Schimpf, C. and Trevisi, G. and Seravalli, L. and Frigeri, P. and Stroj, S. and Lettner, T. and Reindl, M. and Wildmann, J. S. and Edlinger, J. and Rastelli, .},
  Journal                  = {Advanced Optical Materials},
  Year                     = {2016},
  Number                   = {5},
  Pages                    = {682--687},
  Volume                   = {4},

  Doi                      = {10.1002/adom.201500779},
  ISSN                     = {2195-1071},
  Keywords                 = {elastic strain engineering, nanomembranes, piezoelectric devices},
  Url                      = {http://dx.doi.org/10.1002/adom.201500779}
}

@Article{Migliorato:06,
  Title                    = {Composition and strain dependence of the piezoelectric coefficients in ${\mathrm{In}}_{x}{\mathrm{Ga}}_{1\ensuremath{-}x}\mathrm{As}$ alloys},
  Author                   = {Migliorato, M. A. and Powell, D. and Cullis, A. G. and Hammerschmidt, T. and Srivastava, G. P.},
  Journal                  = {Phys. Rev. B},
  Year                     = {2006},

  Month                    = {Dec},
  Pages                    = {245332},
  Volume                   = {74},

  Doi                      = {10.1103/PhysRevB.74.245332},
  Issue                    = {24},
  Numpages                 = {7},
  Publisher                = {American Physical Society},
  Url                      = {http://link.aps.org/doi/10.1103/PhysRevB.74.245332}
}

@Article{Salter:10,
  Title                    = {An entangled-light-emitting diode},
  Author                   = {Salter, C.~L. and Stevenson, R.~M. and Farrer, I. and Nicoll, C.~A. and Ritchie, D.~A. and Shields, A.~J.},
  Journal                  = {Nature},
  Year                     = {2010},

  Month                    = {06},
  Number                   = {7298},
  Pages                    = {594--597},
  Volume                   = {465},

  Doi                      = {10.1038/nature09078},
  Publisher                = {Nature Publishing Group},
  Url                      = {http://dx.doi.org/10.1038/nature09078}
}

@Article{Schliwa:09,
  Title                    = {Few-particle energies versus geometry and composition of ${\text{In}}_{x}{\text{Ga}}_{1\ensuremath{-}x}\text{As}/\text{GaAs}$ self-organized quantum dots},
  Author                   = {Schliwa, Andrei and Winkelnkemper, Momme and Bimberg, Dieter},
  Journal                  = {Phys. Rev. B},
  Year                     = {2009},

  Month                    = {Feb},
  Pages                    = {075443},
  Volume                   = {79},

  Doi                      = {10.1103/PhysRevB.79.075443},
  Issue                    = {7},
  Numpages                 = {14},
  Publisher                = {American Physical Society},
  Url                      = {http://link.aps.org/doi/10.1103/PhysRevB.79.075443}
}

@Article{Segarra:16,
  Title                    = {Piezoelectric Control of the Exciton Wave Function in Colloidal CdSe/CdS Nanocrystals},
  Author                   = {Segarra, Carlos and Climente, Juan I. and Polovitsyn, Anatolii and Rajadell, Fernando and Moreels, Iwan and Planelles, Josep},
  Journal                  = {The Journal of Physical Chemistry Letters},
  Year                     = {2016},
  Note                     = {PMID: 27225599},
  Number                   = {12},
  Pages                    = {2182-2188},
  Volume                   = {7},

  Doi                      = {10.1021/acs.jpclett.6b00622},
  Eprint                   = {http://dx.doi.org/10.1021/acs.jpclett.6b00622},
  Url                      = {http://dx.doi.org/10.1021/acs.jpclett.6b00622}
}

@Article{Trotta:12_2,
  Title                    = {Nanomembrane Quantum-Light-Emitting Diodes Integrated onto Piezoelectric Actuators},
  Author                   = {Trotta, R. and Atkinson, P. and Plumhof, J. D. and Zallo, E. and Rezaev, R. O. and Kumar, S. and Baunack, S. and Schr{\"o}ter, J. R. and Rastelli, A. and Schmidt, O. G.},
  Journal                  = {Advanced Materials},
  Year                     = {2012},
  Number                   = {20},
  Pages                    = {2668--2672},
  Volume                   = {24},

  Doi                      = {10.1002/adma.201200537},
  ISSN                     = {1521-4095},
  Keywords                 = {quantum dots, light emitting diodes, nanomembranes, piezoelectric actuators, strain tuning},
  Publisher                = {WILEY-VCH Verlag},
  Url                      = {http://dx.doi.org/10.1002/adma.201200537}
}

@Article{Trotta:15,
  Title                    = {Energy-Tunable Sources of Entangled Photons: A Viable Concept for Solid-State-Based Quantum Relays},
  Author                   = {Trotta, R. and Mart\'{\i}n-S\'anchez, J. and Daruka, I. and Ortix, C. and Rastelli, A.},
  Journal                  = {Phys. Rev. Lett.},
  Year                     = {2015},

  Month                    = {Apr},
  Pages                    = {150502},
  Volume                   = {114},

  Doi                      = {10.1103/PhysRevLett.114.150502},
  Issue                    = {15},
  Numpages                 = {5},
  Publisher                = {American Physical Society},
  Url                      = {http://link.aps.org/doi/10.1103/PhysRevLett.114.150502}
}

@Article{Trotta:16,
  Title                    = {Wavelength-tunable sources of entangled photons interfaced with atomic vapours},
  Author                   = {Trotta, Rinaldo and Mart\'{i}n-S\'{a}nchez, Javier and Wildmann, Johannes S. and Piredda, Giovanni and Reindl, Marcus and Schimpf, Christian and Zallo, Eugenio and Stroj, Sandra and Edlinger, Johannes and Rastelli, Armando},
  Journal                  = {Nature Comm.},
  Year                     = {2016},

  Month                    = {01},
  Pages                    = {10375},
  Volume                   = {7},

  Ddoi                     = {10.1038/ncomms10375},
  Ppublisher               = {Nature Publishing Group},
  Uurl                     = {http://dx.doi.org/10.1038/ncomms10375}
}

@Article{Trotta:13,
  Title                    = {Independent control of exciton and biexciton energies in single quantum dots via electroelastic fields},
  Author                   = {Trotta, Rinaldo and Zallo, Eugenio and Magerl, Elisabeth and Schmidt, Oliver G. and Rastelli, Armando},
  Journal                  = {Phys. Rev. B},
  Year                     = {2013},

  Month                    = {Oct},
  Pages                    = {155312},
  Volume                   = {88},

  Doi                      = {10.1103/PhysRevB.88.155312},
  Issue                    = {15},
  Numpages                 = {5},
  Publisher                = {American Physical Society},
  Url                      = {http://link.aps.org/doi/10.1103/PhysRevB.88.155312}
}

@Article{Trotta:12,
  Title                    = {Universal Recovery of the Energy-Level Degeneracy of Bright Excitons in InGaAs Quantum Dots without a Structure Symmetry},
  Author                   = {Trotta, R. and Zallo, E. and Ortix, C. and Atkinson, P. and Plumhof, J. D. and van den Brink, J. and Rastelli, A. and Schmidt, O. G.},
  Journal                  = {Phys. Rev. Lett.},
  Year                     = {2012},

  Month                    = {Oct},
  Pages                    = {147401},
  Volume                   = {109},

  Doi                      = {10.1103/PhysRevLett.109.147401},
  Issue                    = {14},
  Numpages                 = {5},
  Publisher                = {American Physical Society},
  Url                      = {http://link.aps.org/doi/10.1103/PhysRevLett.109.147401}
}

@Article{Tse2013,
  Title                    = {Non-linear piezoelectricity in zinc blende GaAs and InAs semiconductors},
  Author                   = {Tse, G. and Pal, J. and Monteverde, U. and Garg, R. and Haxha, V. and Migliorato, M. A. and Tomic, S.},
  Journal                  = {Journal of Applied Physics},
  Year                     = {2013},

  Month                    = aug,
  Number                   = {7},
  Pages                    = {073515},
  Volume                   = {114},

  Af                       = {Tse, G.EOLEOLPal, J.EOLEOLMonteverde, U.EOLEOLGarg, R.EOLEOLHaxha, V.EOLEOLMigliorato, M. A.EOLEOLTomic, S.},
  Doi                      = {10.1063/1.4818798},
  Ei                       = {1089-7550},
  Oi                       = {Pal, Joydeep/0000-0002-4187-0171; Tse, Geoffrey/0000-0002-6734-5148;EOLEOLmigliorato, max/0000-0001-8394-7854},
  Owner                    = {petan},
  Ri                       = {Tomic, Stanko/G-6149-2012; Pal, Joydeep/I-1327-2014; Tse,EOLEOLGeoffrey/G-7140-2012},
  Sn                       = {0021-8979},
  Tc                       = {13},
  Timestamp                = {2017.05.29},
  Ut                       = {WOS:000323510900024},
  Z9                       = {13}
}

@Article{Werner:91,
  Title                    = {Barrier inhomogeneities at Schottky contacts},
  Author                   = {Werner, J. H. and G\"{a}ttler, H. H.},
  Journal                  = {Journal of Applied Physics},
  Year                     = {1991},
  Number                   = {3},
  Pages                    = {1522-1533},
  Volume                   = {69},

  Doi                      = {http://dx.doi.org/10.1063/1.347243},
  Url                      = {http://scitation.aip.org/content/aip/journal/jap/69/3/10.1063/1.347243}
}

@Article{Winkelnkemper:06,
  Title                    = {Interrelation of structural and electronic properties in ${\mathrm{In}}_{x}{\mathrm{Ga}}_{1\ensuremath{-}x}\mathrm{N}âˆ•\mathrm{Ga}\mathrm{N}$ quantum dots using an eight-band $\mathbf{k}âˆ™\mathbf{p}$ model},
  Author                   = {Winkelnkemper, Momme and Schliwa, Andrei and Bimberg, Dieter},
  Journal                  = {Phys. Rev. B},
  Year                     = {2006},

  Month                    = {Oct},
  Pages                    = {155322},
  Volume                   = {74},

  Doi                      = {10.1103/PhysRevB.74.155322},
  Issue                    = {15},
  Numpages                 = {12},
  Publisher                = {American Physical Society},
  Url                      = {http://link.aps.org/doi/10.1103/PhysRevB.74.155322}
}

@Article{Zhang:11,
  Title                    = {Fundamental Theory of Piezotronics},
  Author                   = {Zhang, Yan and Liu, Ying and Wang, Zhong Lin},
  Journal                  = {Advanced Materials},
  Year                     = {2011},
  Number                   = {27},
  Pages                    = {3004--3013},
  Volume                   = {23},

  Doi                      = {10.1002/adma.201100906},
  ISSN                     = {1521-4095},
  Keywords                 = {piezoelectric materials, field-effect transistors, piezoelectric effects},
  Publisher                = {WILEY-VCH Verlag},
  Url                      = {http://dx.doi.org/10.1002/adma.201100906}
}

@Article{Zielinski:13,
  Title                    = {Valence band offset, strain and shape effects on confined states in self-assembled InAs/InP and InAs/GaAs quantum dots},
  Author                   = {M. Zieli\'{n}ski},
  Journal                  = {Journal of Physics: Condensed Matter},
  Year                     = {2013},
  Number                   = {46},
  Pages                    = {465301},
  Volume                   = {25},

  Url                      = {http://stacks.iop.org/0953-8984/25/i=46/a=465301}
}

@Misc{ArxivAberl:17,
  HowPublished             = {J. Aberl, P. Klenovsk\'y, J. S. Wildmann, J. Mart\'in-Sanchez, T. Fromherz, E. Zallo, E. J Huml\'i\v{c}ek, A. Rastelli, R. Trotta, R., Phys. Rev. B {\it submitted}, arXiv:1702.08314},

  Owner                    = {petan},
  Timestamp                = {2017.05.29}
}

@Misc{Bir:74,
  HowPublished             = {G. L. Bir, G. E. Pikus, {\it Symmetry and Strain-Induced Effects in Semiconductors} (Wiley,
New York, 1974)}
}

@Misc{Ng:95,
  HowPublished             = {K.~K.~Ng, {\it Complete guide to semiconductor devices} (McGraw-Hill, New York, 1995)}
}

@Misc{SupMat,
  HowPublished             = {See Supplemental Material at [URL will be inserted by publisher] for [give brief description of material].}
}

@Misc{YuCardona,
  HowPublished             = {P.Y. Yu, M. Cardona, {\it Fundamentals of Semiconductors} (Springer,
Berlin, 2001)},

  Owner                    = {petan},
  Timestamp                = {2017.06.05}
}

@Article{Klenovsky2015,
  author        = {Klenovsk\'y, P. and Hemzal, D. and Steindl, P. and Z\'ikov\'a, M. and K\v{r}\'apek, V. and Huml\'i\v{c}ek, J.},
  title         = {Polarization anisotropy of the emission from type-II quantum dots},
  journal       = {Physical Review B},
  year          = {2015},
  volume        = {92},
  number        = {24},
  pages         = {241302},
  month         = dec,
  __markedentry = {[petan:6]},
  af            = {Klenovsky, P.EOLEOLHemzal, D.EOLEOLSteindl, P.EOLEOLZikova, M.EOLEOLKrapek, V.EOLEOLHumlicek, J.},
  doi           = {10.1103/PhysRevB.92.241302},
  ei            = {1550-235X},
  ri            = {Hemzal, Dusan/E-2942-2012; Krapek, Vlastimil/A-6917-2013; Zikova,EOLEOLMarketa/G-8451-2014},
  sn            = {1098-0121},
  tc            = {4},
  ut            = {WOS:000366496300002},
  z9            = {4},
}

@Comment{jabref-meta: databaseType:bibtex;}
